%YAML 1.1
%TAG !u! tag:unity3d.com,2011:
--- !u!1 &8680436041315513563
GameObject:
  m_ObjectHideFlags: 0
  m_CorrespondingSourceObject: {fileID: 0}
  m_PrefabInstance: {fileID: 0}
  m_PrefabAsset: {fileID: 0}
  serializedVersion: 6
  m_Component:
  - component: {fileID: 8680436041315513564}
  m_Layer: 0
  m_Name: BigWoodStack
  m_TagString: Untagged
  m_Icon: {fileID: 0}
  m_NavMeshLayer: 0
  m_StaticEditorFlags: 2147483647
  m_IsActive: 1
--- !u!4 &8680436041315513564
Transform:
  m_ObjectHideFlags: 0
  m_CorrespondingSourceObject: {fileID: 0}
  m_PrefabInstance: {fileID: 0}
  m_PrefabAsset: {fileID: 0}
  m_GameObject: {fileID: 8680436041315513563}
  m_LocalRotation: {x: -0, y: -0, z: -0, w: 1}
  m_LocalPosition: {x: 21.4469, y: -4.082738, z: 32.24221}
  m_LocalScale: {x: 1, y: 1, z: 1}
  m_Children:
  - {fileID: 8680436042328844401}
  - {fileID: 8680436042462735485}
  - {fileID: 8680436042274458945}
  m_Father: {fileID: 0}
  m_RootOrder: 0
  m_LocalEulerAnglesHint: {x: 0, y: 0, z: 0}
--- !u!1 &8680436042274458944
GameObject:
  m_ObjectHideFlags: 0
  m_CorrespondingSourceObject: {fileID: 0}
  m_PrefabInstance: {fileID: 0}
  m_PrefabAsset: {fileID: 0}
  serializedVersion: 6
  m_Component:
  - component: {fileID: 8680436042274458945}
  m_Layer: 0
  m_Name: WoodStack (2)
  m_TagString: Untagged
  m_Icon: {fileID: 0}
  m_NavMeshLayer: 0
  m_StaticEditorFlags: 2147483647
  m_IsActive: 1
--- !u!4 &8680436042274458945
Transform:
  m_ObjectHideFlags: 0
  m_CorrespondingSourceObject: {fileID: 0}
  m_PrefabInstance: {fileID: 0}
  m_PrefabAsset: {fileID: 0}
  m_GameObject: {fileID: 8680436042274458944}
  m_LocalRotation: {x: -0, y: -0, z: -0, w: 1}
  m_LocalPosition: {x: -29.388504, y: 6.8782864, z: -6.8195267}
  m_LocalScale: {x: 1, y: 1, z: 1}
  m_Children:
  - {fileID: 5767842269051738617}
  - {fileID: 5767842267973393970}
  - {fileID: 5767842268902934577}
  - {fileID: 5767842267325141599}
  - {fileID: 5767842268984119882}
  - {fileID: 5767842267391648738}
  - {fileID: 5767842268117369099}
  m_Father: {fileID: 8680436041315513564}
  m_RootOrder: 2
  m_LocalEulerAnglesHint: {x: 0, y: 0, z: 0}
--- !u!1 &8680436042328844400
GameObject:
  m_ObjectHideFlags: 0
  m_CorrespondingSourceObject: {fileID: 0}
  m_PrefabInstance: {fileID: 0}
  m_PrefabAsset: {fileID: 0}
  serializedVersion: 6
  m_Component:
  - component: {fileID: 8680436042328844401}
  m_Layer: 0
  m_Name: WoodStack
  m_TagString: Untagged
  m_Icon: {fileID: 0}
  m_NavMeshLayer: 0
  m_StaticEditorFlags: 2147483647
  m_IsActive: 1
--- !u!4 &8680436042328844401
Transform:
  m_ObjectHideFlags: 0
  m_CorrespondingSourceObject: {fileID: 0}
  m_PrefabInstance: {fileID: 0}
  m_PrefabAsset: {fileID: 0}
  m_GameObject: {fileID: 8680436042328844400}
  m_LocalRotation: {x: -0, y: -0, z: -0, w: 1}
  m_LocalPosition: {x: -29.388504, y: 5.6256895, z: -8.056755}
  m_LocalScale: {x: 1, y: 1, z: 1}
  m_Children:
  - {fileID: 2662345386079952606}
  - {fileID: 5767842267490024230}
  - {fileID: 5767842268482694878}
  - {fileID: 5767842267733653385}
  - {fileID: 5767842267418723826}
  - {fileID: 5767842268370444210}
  m_Father: {fileID: 8680436041315513564}
  m_RootOrder: 0
  m_LocalEulerAnglesHint: {x: 0, y: 0, z: 0}
--- !u!1 &8680436042462735484
GameObject:
  m_ObjectHideFlags: 0
  m_CorrespondingSourceObject: {fileID: 0}
  m_PrefabInstance: {fileID: 0}
  m_PrefabAsset: {fileID: 0}
  serializedVersion: 6
  m_Component:
  - component: {fileID: 8680436042462735485}
  m_Layer: 0
  m_Name: WoodStack (1)
  m_TagString: Untagged
  m_Icon: {fileID: 0}
  m_NavMeshLayer: 0
  m_StaticEditorFlags: 2147483647
  m_IsActive: 1
--- !u!4 &8680436042462735485
Transform:
  m_ObjectHideFlags: 0
  m_CorrespondingSourceObject: {fileID: 0}
  m_PrefabInstance: {fileID: 0}
  m_PrefabAsset: {fileID: 0}
  m_GameObject: {fileID: 8680436042462735484}
  m_LocalRotation: {x: -0, y: -0, z: -0, w: 1}
  m_LocalPosition: {x: -29.388504, y: 5.6256895, z: -5.7795258}
  m_LocalScale: {x: 1, y: 1, z: 1}
  m_Children:
  - {fileID: 5767842267438948205}
  - {fileID: 5767842267183790482}
  - {fileID: 5767842268955553815}
  - {fileID: 5767842267148652157}
  - {fileID: 5767842268917722182}
  - {fileID: 5767842267660953374}
  - {fileID: 5767842267991926639}
  m_Father: {fileID: 8680436041315513564}
  m_RootOrder: 1
  m_LocalEulerAnglesHint: {x: 0, y: 0, z: 0}
--- !u!1001 &904918310488912215
PrefabInstance:
  m_ObjectHideFlags: 0
  serializedVersion: 2
  m_Modification:
    m_TransformParent: {fileID: 8680436042328844401}
    m_Modifications:
    - target: {fileID: 2537698958553281843, guid: 9b04e803072cc3c44a7c57fc012e687d, type: 3}
      propertyPath: m_Name
      value: kloda1
      objectReference: {fileID: 0}
    - target: {fileID: 2917320378386886537, guid: 9b04e803072cc3c44a7c57fc012e687d, type: 3}
      propertyPath: m_RootOrder
      value: 0
      objectReference: {fileID: 0}
    - target: {fileID: 2917320378386886537, guid: 9b04e803072cc3c44a7c57fc012e687d, type: 3}
      propertyPath: m_LocalPosition.x
      value: 25.564072
      objectReference: {fileID: 0}
    - target: {fileID: 2917320378386886537, guid: 9b04e803072cc3c44a7c57fc012e687d, type: 3}
      propertyPath: m_LocalPosition.y
      value: -4.770631
      objectReference: {fileID: 0}
    - target: {fileID: 2917320378386886537, guid: 9b04e803072cc3c44a7c57fc012e687d, type: 3}
      propertyPath: m_LocalPosition.z
      value: 6.2474213
      objectReference: {fileID: 0}
    - target: {fileID: 2917320378386886537, guid: 9b04e803072cc3c44a7c57fc012e687d, type: 3}
      propertyPath: m_LocalRotation.w
      value: 0.7071068
      objectReference: {fileID: 0}
    - target: {fileID: 2917320378386886537, guid: 9b04e803072cc3c44a7c57fc012e687d, type: 3}
      propertyPath: m_LocalRotation.x
      value: -0
      objectReference: {fileID: 0}
    - target: {fileID: 2917320378386886537, guid: 9b04e803072cc3c44a7c57fc012e687d, type: 3}
      propertyPath: m_LocalRotation.y
      value: 0.7071068
      objectReference: {fileID: 0}
    - target: {fileID: 2917320378386886537, guid: 9b04e803072cc3c44a7c57fc012e687d, type: 3}
      propertyPath: m_LocalRotation.z
      value: -0
      objectReference: {fileID: 0}
    - target: {fileID: 2917320378386886537, guid: 9b04e803072cc3c44a7c57fc012e687d, type: 3}
      propertyPath: m_LocalEulerAnglesHint.x
      value: 0
      objectReference: {fileID: 0}
    - target: {fileID: 2917320378386886537, guid: 9b04e803072cc3c44a7c57fc012e687d, type: 3}
      propertyPath: m_LocalEulerAnglesHint.y
      value: 90
      objectReference: {fileID: 0}
    - target: {fileID: 2917320378386886537, guid: 9b04e803072cc3c44a7c57fc012e687d, type: 3}
      propertyPath: m_LocalEulerAnglesHint.z
      value: 0
      objectReference: {fileID: 0}
    m_RemovedComponents: []
  m_SourcePrefab: {fileID: 100100000, guid: 9b04e803072cc3c44a7c57fc012e687d, type: 3}
--- !u!4 &2662345386079952606 stripped
Transform:
  m_CorrespondingSourceObject: {fileID: 2917320378386886537, guid: 9b04e803072cc3c44a7c57fc012e687d, type: 3}
  m_PrefabInstance: {fileID: 904918310488912215}
  m_PrefabAsset: {fileID: 0}
--- !u!1001 &8680436040584971215
PrefabInstance:
  m_ObjectHideFlags: 0
  serializedVersion: 2
  m_Modification:
    m_TransformParent: {fileID: 8680436042462735485}
    m_Modifications:
    - target: {fileID: 2537698958553281843, guid: 9b04e803072cc3c44a7c57fc012e687d, type: 3}
      propertyPath: m_Name
      value: kloda1 (4)
      objectReference: {fileID: 0}
    - target: {fileID: 2917320378386886537, guid: 9b04e803072cc3c44a7c57fc012e687d, type: 3}
      propertyPath: m_RootOrder
      value: 4
      objectReference: {fileID: 0}
    - target: {fileID: 2917320378386886537, guid: 9b04e803072cc3c44a7c57fc012e687d, type: 3}
      propertyPath: m_LocalPosition.x
      value: 25.564072
      objectReference: {fileID: 0}
    - target: {fileID: 2917320378386886537, guid: 9b04e803072cc3c44a7c57fc012e687d, type: 3}
      propertyPath: m_LocalPosition.y
      value: -4.770631
      objectReference: {fileID: 0}
    - target: {fileID: 2917320378386886537, guid: 9b04e803072cc3c44a7c57fc012e687d, type: 3}
      propertyPath: m_LocalPosition.z
      value: 7.76
      objectReference: {fileID: 0}
    - target: {fileID: 2917320378386886537, guid: 9b04e803072cc3c44a7c57fc012e687d, type: 3}
      propertyPath: m_LocalRotation.w
      value: 0.7071068
      objectReference: {fileID: 0}
    - target: {fileID: 2917320378386886537, guid: 9b04e803072cc3c44a7c57fc012e687d, type: 3}
      propertyPath: m_LocalRotation.x
      value: -0
      objectReference: {fileID: 0}
    - target: {fileID: 2917320378386886537, guid: 9b04e803072cc3c44a7c57fc012e687d, type: 3}
      propertyPath: m_LocalRotation.y
      value: 0.7071068
      objectReference: {fileID: 0}
    - target: {fileID: 2917320378386886537, guid: 9b04e803072cc3c44a7c57fc012e687d, type: 3}
      propertyPath: m_LocalRotation.z
      value: -0
      objectReference: {fileID: 0}
    - target: {fileID: 2917320378386886537, guid: 9b04e803072cc3c44a7c57fc012e687d, type: 3}
      propertyPath: m_LocalEulerAnglesHint.x
      value: 0
      objectReference: {fileID: 0}
    - target: {fileID: 2917320378386886537, guid: 9b04e803072cc3c44a7c57fc012e687d, type: 3}
      propertyPath: m_LocalEulerAnglesHint.y
      value: 90
      objectReference: {fileID: 0}
    - target: {fileID: 2917320378386886537, guid: 9b04e803072cc3c44a7c57fc012e687d, type: 3}
      propertyPath: m_LocalEulerAnglesHint.z
      value: 0
      objectReference: {fileID: 0}
    m_RemovedComponents: []
  m_SourcePrefab: {fileID: 100100000, guid: 9b04e803072cc3c44a7c57fc012e687d, type: 3}
--- !u!4 &5767842268917722182 stripped
Transform:
  m_CorrespondingSourceObject: {fileID: 2917320378386886537, guid: 9b04e803072cc3c44a7c57fc012e687d, type: 3}
  m_PrefabInstance: {fileID: 8680436040584971215}
  m_PrefabAsset: {fileID: 0}
--- !u!1001 &8680436040604018616
PrefabInstance:
  m_ObjectHideFlags: 0
  serializedVersion: 2
  m_Modification:
    m_TransformParent: {fileID: 8680436042274458945}
    m_Modifications:
    - target: {fileID: 2537698958553281843, guid: 9b04e803072cc3c44a7c57fc012e687d, type: 3}
      propertyPath: m_Name
      value: kloda1 (2)
      objectReference: {fileID: 0}
    - target: {fileID: 2917320378386886537, guid: 9b04e803072cc3c44a7c57fc012e687d, type: 3}
      propertyPath: m_RootOrder
      value: 2
      objectReference: {fileID: 0}
    - target: {fileID: 2917320378386886537, guid: 9b04e803072cc3c44a7c57fc012e687d, type: 3}
      propertyPath: m_LocalPosition.x
      value: 25.564072
      objectReference: {fileID: 0}
    - target: {fileID: 2917320378386886537, guid: 9b04e803072cc3c44a7c57fc012e687d, type: 3}
      propertyPath: m_LocalPosition.y
      value: -4.129
      objectReference: {fileID: 0}
    - target: {fileID: 2917320378386886537, guid: 9b04e803072cc3c44a7c57fc012e687d, type: 3}
      propertyPath: m_LocalPosition.z
      value: 7.426
      objectReference: {fileID: 0}
    - target: {fileID: 2917320378386886537, guid: 9b04e803072cc3c44a7c57fc012e687d, type: 3}
      propertyPath: m_LocalRotation.w
      value: 0.7071068
      objectReference: {fileID: 0}
    - target: {fileID: 2917320378386886537, guid: 9b04e803072cc3c44a7c57fc012e687d, type: 3}
      propertyPath: m_LocalRotation.x
      value: -0
      objectReference: {fileID: 0}
    - target: {fileID: 2917320378386886537, guid: 9b04e803072cc3c44a7c57fc012e687d, type: 3}
      propertyPath: m_LocalRotation.y
      value: 0.7071068
      objectReference: {fileID: 0}
    - target: {fileID: 2917320378386886537, guid: 9b04e803072cc3c44a7c57fc012e687d, type: 3}
      propertyPath: m_LocalRotation.z
      value: -0
      objectReference: {fileID: 0}
    - target: {fileID: 2917320378386886537, guid: 9b04e803072cc3c44a7c57fc012e687d, type: 3}
      propertyPath: m_LocalEulerAnglesHint.x
      value: 0
      objectReference: {fileID: 0}
    - target: {fileID: 2917320378386886537, guid: 9b04e803072cc3c44a7c57fc012e687d, type: 3}
      propertyPath: m_LocalEulerAnglesHint.y
      value: 90
      objectReference: {fileID: 0}
    - target: {fileID: 2917320378386886537, guid: 9b04e803072cc3c44a7c57fc012e687d, type: 3}
      propertyPath: m_LocalEulerAnglesHint.z
      value: 0
      objectReference: {fileID: 0}
    m_RemovedComponents: []
  m_SourcePrefab: {fileID: 100100000, guid: 9b04e803072cc3c44a7c57fc012e687d, type: 3}
--- !u!4 &5767842268902934577 stripped
Transform:
  m_CorrespondingSourceObject: {fileID: 2917320378386886537, guid: 9b04e803072cc3c44a7c57fc012e687d, type: 3}
  m_PrefabInstance: {fileID: 8680436040604018616}
  m_PrefabAsset: {fileID: 0}
--- !u!1001 &8680436040614682526
PrefabInstance:
  m_ObjectHideFlags: 0
  serializedVersion: 2
  m_Modification:
    m_TransformParent: {fileID: 8680436042462735485}
    m_Modifications:
    - target: {fileID: 2537698958553281843, guid: 9b04e803072cc3c44a7c57fc012e687d, type: 3}
      propertyPath: m_Name
      value: kloda1 (2)
      objectReference: {fileID: 0}
    - target: {fileID: 2917320378386886537, guid: 9b04e803072cc3c44a7c57fc012e687d, type: 3}
      propertyPath: m_RootOrder
      value: 2
      objectReference: {fileID: 0}
    - target: {fileID: 2917320378386886537, guid: 9b04e803072cc3c44a7c57fc012e687d, type: 3}
      propertyPath: m_LocalPosition.x
      value: 25.564072
      objectReference: {fileID: 0}
    - target: {fileID: 2917320378386886537, guid: 9b04e803072cc3c44a7c57fc012e687d, type: 3}
      propertyPath: m_LocalPosition.y
      value: -4.129
      objectReference: {fileID: 0}
    - target: {fileID: 2917320378386886537, guid: 9b04e803072cc3c44a7c57fc012e687d, type: 3}
      propertyPath: m_LocalPosition.z
      value: 7.426
      objectReference: {fileID: 0}
    - target: {fileID: 2917320378386886537, guid: 9b04e803072cc3c44a7c57fc012e687d, type: 3}
      propertyPath: m_LocalRotation.w
      value: 0.7071068
      objectReference: {fileID: 0}
    - target: {fileID: 2917320378386886537, guid: 9b04e803072cc3c44a7c57fc012e687d, type: 3}
      propertyPath: m_LocalRotation.x
      value: -0
      objectReference: {fileID: 0}
    - target: {fileID: 2917320378386886537, guid: 9b04e803072cc3c44a7c57fc012e687d, type: 3}
      propertyPath: m_LocalRotation.y
      value: 0.7071068
      objectReference: {fileID: 0}
    - target: {fileID: 2917320378386886537, guid: 9b04e803072cc3c44a7c57fc012e687d, type: 3}
      propertyPath: m_LocalRotation.z
      value: -0
      objectReference: {fileID: 0}
    - target: {fileID: 2917320378386886537, guid: 9b04e803072cc3c44a7c57fc012e687d, type: 3}
      propertyPath: m_LocalEulerAnglesHint.x
      value: 0
      objectReference: {fileID: 0}
    - target: {fileID: 2917320378386886537, guid: 9b04e803072cc3c44a7c57fc012e687d, type: 3}
      propertyPath: m_LocalEulerAnglesHint.y
      value: 90
      objectReference: {fileID: 0}
    - target: {fileID: 2917320378386886537, guid: 9b04e803072cc3c44a7c57fc012e687d, type: 3}
      propertyPath: m_LocalEulerAnglesHint.z
      value: 0
      objectReference: {fileID: 0}
    m_RemovedComponents: []
  m_SourcePrefab: {fileID: 100100000, guid: 9b04e803072cc3c44a7c57fc012e687d, type: 3}
--- !u!4 &5767842268955553815 stripped
Transform:
  m_CorrespondingSourceObject: {fileID: 2917320378386886537, guid: 9b04e803072cc3c44a7c57fc012e687d, type: 3}
  m_PrefabInstance: {fileID: 8680436040614682526}
  m_PrefabAsset: {fileID: 0}
--- !u!1001 &8680436040651652547
PrefabInstance:
  m_ObjectHideFlags: 0
  serializedVersion: 2
  m_Modification:
    m_TransformParent: {fileID: 8680436042274458945}
    m_Modifications:
    - target: {fileID: 2537698958553281843, guid: 9b04e803072cc3c44a7c57fc012e687d, type: 3}
      propertyPath: m_Name
      value: kloda1 (4)
      objectReference: {fileID: 0}
    - target: {fileID: 2917320378386886537, guid: 9b04e803072cc3c44a7c57fc012e687d, type: 3}
      propertyPath: m_RootOrder
      value: 4
      objectReference: {fileID: 0}
    - target: {fileID: 2917320378386886537, guid: 9b04e803072cc3c44a7c57fc012e687d, type: 3}
      propertyPath: m_LocalPosition.x
      value: 25.564072
      objectReference: {fileID: 0}
    - target: {fileID: 2917320378386886537, guid: 9b04e803072cc3c44a7c57fc012e687d, type: 3}
      propertyPath: m_LocalPosition.y
      value: -4.770631
      objectReference: {fileID: 0}
    - target: {fileID: 2917320378386886537, guid: 9b04e803072cc3c44a7c57fc012e687d, type: 3}
      propertyPath: m_LocalPosition.z
      value: 7.76
      objectReference: {fileID: 0}
    - target: {fileID: 2917320378386886537, guid: 9b04e803072cc3c44a7c57fc012e687d, type: 3}
      propertyPath: m_LocalRotation.w
      value: 0.7071068
      objectReference: {fileID: 0}
    - target: {fileID: 2917320378386886537, guid: 9b04e803072cc3c44a7c57fc012e687d, type: 3}
      propertyPath: m_LocalRotation.x
      value: -0
      objectReference: {fileID: 0}
    - target: {fileID: 2917320378386886537, guid: 9b04e803072cc3c44a7c57fc012e687d, type: 3}
      propertyPath: m_LocalRotation.y
      value: 0.7071068
      objectReference: {fileID: 0}
    - target: {fileID: 2917320378386886537, guid: 9b04e803072cc3c44a7c57fc012e687d, type: 3}
      propertyPath: m_LocalRotation.z
      value: -0
      objectReference: {fileID: 0}
    - target: {fileID: 2917320378386886537, guid: 9b04e803072cc3c44a7c57fc012e687d, type: 3}
      propertyPath: m_LocalEulerAnglesHint.x
      value: 0
      objectReference: {fileID: 0}
    - target: {fileID: 2917320378386886537, guid: 9b04e803072cc3c44a7c57fc012e687d, type: 3}
      propertyPath: m_LocalEulerAnglesHint.y
      value: 90
      objectReference: {fileID: 0}
    - target: {fileID: 2917320378386886537, guid: 9b04e803072cc3c44a7c57fc012e687d, type: 3}
      propertyPath: m_LocalEulerAnglesHint.z
      value: 0
      objectReference: {fileID: 0}
    m_RemovedComponents: []
  m_SourcePrefab: {fileID: 100100000, guid: 9b04e803072cc3c44a7c57fc012e687d, type: 3}
--- !u!4 &5767842268984119882 stripped
Transform:
  m_CorrespondingSourceObject: {fileID: 2917320378386886537, guid: 9b04e803072cc3c44a7c57fc012e687d, type: 3}
  m_PrefabInstance: {fileID: 8680436040651652547}
  m_PrefabAsset: {fileID: 0}
--- !u!1001 &8680436040719005296
PrefabInstance:
  m_ObjectHideFlags: 0
  serializedVersion: 2
  m_Modification:
    m_TransformParent: {fileID: 8680436042274458945}
    m_Modifications:
    - target: {fileID: 2537698958553281843, guid: 9b04e803072cc3c44a7c57fc012e687d, type: 3}
      propertyPath: m_Name
      value: kloda1
      objectReference: {fileID: 0}
    - target: {fileID: 2917320378386886537, guid: 9b04e803072cc3c44a7c57fc012e687d, type: 3}
      propertyPath: m_RootOrder
      value: 0
      objectReference: {fileID: 0}
    - target: {fileID: 2917320378386886537, guid: 9b04e803072cc3c44a7c57fc012e687d, type: 3}
      propertyPath: m_LocalPosition.x
      value: 25.564072
      objectReference: {fileID: 0}
    - target: {fileID: 2917320378386886537, guid: 9b04e803072cc3c44a7c57fc012e687d, type: 3}
      propertyPath: m_LocalPosition.y
      value: -4.770631
      objectReference: {fileID: 0}
    - target: {fileID: 2917320378386886537, guid: 9b04e803072cc3c44a7c57fc012e687d, type: 3}
      propertyPath: m_LocalPosition.z
      value: 6.2474213
      objectReference: {fileID: 0}
    - target: {fileID: 2917320378386886537, guid: 9b04e803072cc3c44a7c57fc012e687d, type: 3}
      propertyPath: m_LocalRotation.w
      value: 0.7071068
      objectReference: {fileID: 0}
    - target: {fileID: 2917320378386886537, guid: 9b04e803072cc3c44a7c57fc012e687d, type: 3}
      propertyPath: m_LocalRotation.x
      value: -0
      objectReference: {fileID: 0}
    - target: {fileID: 2917320378386886537, guid: 9b04e803072cc3c44a7c57fc012e687d, type: 3}
      propertyPath: m_LocalRotation.y
      value: 0.7071068
      objectReference: {fileID: 0}
    - target: {fileID: 2917320378386886537, guid: 9b04e803072cc3c44a7c57fc012e687d, type: 3}
      propertyPath: m_LocalRotation.z
      value: -0
      objectReference: {fileID: 0}
    - target: {fileID: 2917320378386886537, guid: 9b04e803072cc3c44a7c57fc012e687d, type: 3}
      propertyPath: m_LocalEulerAnglesHint.x
      value: 0
      objectReference: {fileID: 0}
    - target: {fileID: 2917320378386886537, guid: 9b04e803072cc3c44a7c57fc012e687d, type: 3}
      propertyPath: m_LocalEulerAnglesHint.y
      value: 90
      objectReference: {fileID: 0}
    - target: {fileID: 2917320378386886537, guid: 9b04e803072cc3c44a7c57fc012e687d, type: 3}
      propertyPath: m_LocalEulerAnglesHint.z
      value: 0
      objectReference: {fileID: 0}
    m_RemovedComponents: []
  m_SourcePrefab: {fileID: 100100000, guid: 9b04e803072cc3c44a7c57fc012e687d, type: 3}
--- !u!4 &5767842269051738617 stripped
Transform:
  m_CorrespondingSourceObject: {fileID: 2917320378386886537, guid: 9b04e803072cc3c44a7c57fc012e687d, type: 3}
  m_PrefabInstance: {fileID: 8680436040719005296}
  m_PrefabAsset: {fileID: 0}
--- !u!1001 &8680436041136877627
PrefabInstance:
  m_ObjectHideFlags: 0
  serializedVersion: 2
  m_Modification:
    m_TransformParent: {fileID: 8680436042328844401}
    m_Modifications:
    - target: {fileID: 2537698958553281843, guid: 9b04e803072cc3c44a7c57fc012e687d, type: 3}
      propertyPath: m_Name
      value: kloda1 (5)
      objectReference: {fileID: 0}
    - target: {fileID: 2917320378386886537, guid: 9b04e803072cc3c44a7c57fc012e687d, type: 3}
      propertyPath: m_RootOrder
      value: 5
      objectReference: {fileID: 0}
    - target: {fileID: 2917320378386886537, guid: 9b04e803072cc3c44a7c57fc012e687d, type: 3}
      propertyPath: m_LocalPosition.x
      value: 25.564072
      objectReference: {fileID: 0}
    - target: {fileID: 2917320378386886537, guid: 9b04e803072cc3c44a7c57fc012e687d, type: 3}
      propertyPath: m_LocalPosition.y
      value: -4.770631
      objectReference: {fileID: 0}
    - target: {fileID: 2917320378386886537, guid: 9b04e803072cc3c44a7c57fc012e687d, type: 3}
      propertyPath: m_LocalPosition.z
      value: 6.99
      objectReference: {fileID: 0}
    - target: {fileID: 2917320378386886537, guid: 9b04e803072cc3c44a7c57fc012e687d, type: 3}
      propertyPath: m_LocalRotation.w
      value: 0.7071068
      objectReference: {fileID: 0}
    - target: {fileID: 2917320378386886537, guid: 9b04e803072cc3c44a7c57fc012e687d, type: 3}
      propertyPath: m_LocalRotation.x
      value: -0
      objectReference: {fileID: 0}
    - target: {fileID: 2917320378386886537, guid: 9b04e803072cc3c44a7c57fc012e687d, type: 3}
      propertyPath: m_LocalRotation.y
      value: 0.7071068
      objectReference: {fileID: 0}
    - target: {fileID: 2917320378386886537, guid: 9b04e803072cc3c44a7c57fc012e687d, type: 3}
      propertyPath: m_LocalRotation.z
      value: -0
      objectReference: {fileID: 0}
    - target: {fileID: 2917320378386886537, guid: 9b04e803072cc3c44a7c57fc012e687d, type: 3}
      propertyPath: m_LocalEulerAnglesHint.x
      value: 0
      objectReference: {fileID: 0}
    - target: {fileID: 2917320378386886537, guid: 9b04e803072cc3c44a7c57fc012e687d, type: 3}
      propertyPath: m_LocalEulerAnglesHint.y
      value: 90
      objectReference: {fileID: 0}
    - target: {fileID: 2917320378386886537, guid: 9b04e803072cc3c44a7c57fc012e687d, type: 3}
      propertyPath: m_LocalEulerAnglesHint.z
      value: 0
      objectReference: {fileID: 0}
    m_RemovedComponents: []
  m_SourcePrefab: {fileID: 100100000, guid: 9b04e803072cc3c44a7c57fc012e687d, type: 3}
--- !u!4 &5767842268370444210 stripped
Transform:
  m_CorrespondingSourceObject: {fileID: 2917320378386886537, guid: 9b04e803072cc3c44a7c57fc012e687d, type: 3}
  m_PrefabInstance: {fileID: 8680436041136877627}
  m_PrefabAsset: {fileID: 0}
--- !u!1001 &8680436041223946583
PrefabInstance:
  m_ObjectHideFlags: 0
  serializedVersion: 2
  m_Modification:
    m_TransformParent: {fileID: 8680436042328844401}
    m_Modifications:
    - target: {fileID: 2537698958553281843, guid: 9b04e803072cc3c44a7c57fc012e687d, type: 3}
      propertyPath: m_Name
      value: kloda1 (2)
      objectReference: {fileID: 0}
    - target: {fileID: 2917320378386886537, guid: 9b04e803072cc3c44a7c57fc012e687d, type: 3}
      propertyPath: m_RootOrder
      value: 2
      objectReference: {fileID: 0}
    - target: {fileID: 2917320378386886537, guid: 9b04e803072cc3c44a7c57fc012e687d, type: 3}
      propertyPath: m_LocalPosition.x
      value: 25.564072
      objectReference: {fileID: 0}
    - target: {fileID: 2917320378386886537, guid: 9b04e803072cc3c44a7c57fc012e687d, type: 3}
      propertyPath: m_LocalPosition.y
      value: -4.129
      objectReference: {fileID: 0}
    - target: {fileID: 2917320378386886537, guid: 9b04e803072cc3c44a7c57fc012e687d, type: 3}
      propertyPath: m_LocalPosition.z
      value: 7.426
      objectReference: {fileID: 0}
    - target: {fileID: 2917320378386886537, guid: 9b04e803072cc3c44a7c57fc012e687d, type: 3}
      propertyPath: m_LocalRotation.w
      value: 0.7071068
      objectReference: {fileID: 0}
    - target: {fileID: 2917320378386886537, guid: 9b04e803072cc3c44a7c57fc012e687d, type: 3}
      propertyPath: m_LocalRotation.x
      value: -0
      objectReference: {fileID: 0}
    - target: {fileID: 2917320378386886537, guid: 9b04e803072cc3c44a7c57fc012e687d, type: 3}
      propertyPath: m_LocalRotation.y
      value: 0.7071068
      objectReference: {fileID: 0}
    - target: {fileID: 2917320378386886537, guid: 9b04e803072cc3c44a7c57fc012e687d, type: 3}
      propertyPath: m_LocalRotation.z
      value: -0
      objectReference: {fileID: 0}
    - target: {fileID: 2917320378386886537, guid: 9b04e803072cc3c44a7c57fc012e687d, type: 3}
      propertyPath: m_LocalEulerAnglesHint.x
      value: 0
      objectReference: {fileID: 0}
    - target: {fileID: 2917320378386886537, guid: 9b04e803072cc3c44a7c57fc012e687d, type: 3}
      propertyPath: m_LocalEulerAnglesHint.y
      value: 90
      objectReference: {fileID: 0}
    - target: {fileID: 2917320378386886537, guid: 9b04e803072cc3c44a7c57fc012e687d, type: 3}
      propertyPath: m_LocalEulerAnglesHint.z
      value: 0
      objectReference: {fileID: 0}
    m_RemovedComponents: []
  m_SourcePrefab: {fileID: 100100000, guid: 9b04e803072cc3c44a7c57fc012e687d, type: 3}
--- !u!4 &5767842268482694878 stripped
Transform:
  m_CorrespondingSourceObject: {fileID: 2917320378386886537, guid: 9b04e803072cc3c44a7c57fc012e687d, type: 3}
  m_PrefabInstance: {fileID: 8680436041223946583}
  m_PrefabAsset: {fileID: 0}
--- !u!1001 &8680436041311996134
PrefabInstance:
  m_ObjectHideFlags: 0
  serializedVersion: 2
  m_Modification:
    m_TransformParent: {fileID: 8680436042462735485}
    m_Modifications:
    - target: {fileID: 2537698958553281843, guid: 9b04e803072cc3c44a7c57fc012e687d, type: 3}
      propertyPath: m_Name
      value: kloda1 (6)
      objectReference: {fileID: 0}
    - target: {fileID: 2917320378386886537, guid: 9b04e803072cc3c44a7c57fc012e687d, type: 3}
      propertyPath: m_RootOrder
      value: 6
      objectReference: {fileID: 0}
    - target: {fileID: 2917320378386886537, guid: 9b04e803072cc3c44a7c57fc012e687d, type: 3}
      propertyPath: m_LocalPosition.x
      value: 25.564072
      objectReference: {fileID: 0}
    - target: {fileID: 2917320378386886537, guid: 9b04e803072cc3c44a7c57fc012e687d, type: 3}
      propertyPath: m_LocalPosition.y
      value: -4.770631
      objectReference: {fileID: 0}
    - target: {fileID: 2917320378386886537, guid: 9b04e803072cc3c44a7c57fc012e687d, type: 3}
      propertyPath: m_LocalPosition.z
      value: 8.55
      objectReference: {fileID: 0}
    - target: {fileID: 2917320378386886537, guid: 9b04e803072cc3c44a7c57fc012e687d, type: 3}
      propertyPath: m_LocalRotation.w
      value: 0.7071068
      objectReference: {fileID: 0}
    - target: {fileID: 2917320378386886537, guid: 9b04e803072cc3c44a7c57fc012e687d, type: 3}
      propertyPath: m_LocalRotation.x
      value: -0
      objectReference: {fileID: 0}
    - target: {fileID: 2917320378386886537, guid: 9b04e803072cc3c44a7c57fc012e687d, type: 3}
      propertyPath: m_LocalRotation.y
      value: 0.7071068
      objectReference: {fileID: 0}
    - target: {fileID: 2917320378386886537, guid: 9b04e803072cc3c44a7c57fc012e687d, type: 3}
      propertyPath: m_LocalRotation.z
      value: -0
      objectReference: {fileID: 0}
    - target: {fileID: 2917320378386886537, guid: 9b04e803072cc3c44a7c57fc012e687d, type: 3}
      propertyPath: m_LocalEulerAnglesHint.x
      value: 0
      objectReference: {fileID: 0}
    - target: {fileID: 2917320378386886537, guid: 9b04e803072cc3c44a7c57fc012e687d, type: 3}
      propertyPath: m_LocalEulerAnglesHint.y
      value: 90
      objectReference: {fileID: 0}
    - target: {fileID: 2917320378386886537, guid: 9b04e803072cc3c44a7c57fc012e687d, type: 3}
      propertyPath: m_LocalEulerAnglesHint.z
      value: 0
      objectReference: {fileID: 0}
    m_RemovedComponents: []
  m_SourcePrefab: {fileID: 100100000, guid: 9b04e803072cc3c44a7c57fc012e687d, type: 3}
--- !u!4 &5767842267991926639 stripped
Transform:
  m_CorrespondingSourceObject: {fileID: 2917320378386886537, guid: 9b04e803072cc3c44a7c57fc012e687d, type: 3}
  m_PrefabInstance: {fileID: 8680436041311996134}
  m_PrefabAsset: {fileID: 0}
--- !u!1001 &8680436041386864258
PrefabInstance:
  m_ObjectHideFlags: 0
  serializedVersion: 2
  m_Modification:
    m_TransformParent: {fileID: 8680436042274458945}
    m_Modifications:
    - target: {fileID: 2537698958553281843, guid: 9b04e803072cc3c44a7c57fc012e687d, type: 3}
      propertyPath: m_Name
      value: kloda1 (6)
      objectReference: {fileID: 0}
    - target: {fileID: 2917320378386886537, guid: 9b04e803072cc3c44a7c57fc012e687d, type: 3}
      propertyPath: m_RootOrder
      value: 6
      objectReference: {fileID: 0}
    - target: {fileID: 2917320378386886537, guid: 9b04e803072cc3c44a7c57fc012e687d, type: 3}
      propertyPath: m_LocalPosition.x
      value: 25.564072
      objectReference: {fileID: 0}
    - target: {fileID: 2917320378386886537, guid: 9b04e803072cc3c44a7c57fc012e687d, type: 3}
      propertyPath: m_LocalPosition.y
      value: -4.770631
      objectReference: {fileID: 0}
    - target: {fileID: 2917320378386886537, guid: 9b04e803072cc3c44a7c57fc012e687d, type: 3}
      propertyPath: m_LocalPosition.z
      value: 8.52
      objectReference: {fileID: 0}
    - target: {fileID: 2917320378386886537, guid: 9b04e803072cc3c44a7c57fc012e687d, type: 3}
      propertyPath: m_LocalRotation.w
      value: 0.7071068
      objectReference: {fileID: 0}
    - target: {fileID: 2917320378386886537, guid: 9b04e803072cc3c44a7c57fc012e687d, type: 3}
      propertyPath: m_LocalRotation.x
      value: -0
      objectReference: {fileID: 0}
    - target: {fileID: 2917320378386886537, guid: 9b04e803072cc3c44a7c57fc012e687d, type: 3}
      propertyPath: m_LocalRotation.y
      value: 0.7071068
      objectReference: {fileID: 0}
    - target: {fileID: 2917320378386886537, guid: 9b04e803072cc3c44a7c57fc012e687d, type: 3}
      propertyPath: m_LocalRotation.z
      value: -0
      objectReference: {fileID: 0}
    - target: {fileID: 2917320378386886537, guid: 9b04e803072cc3c44a7c57fc012e687d, type: 3}
      propertyPath: m_LocalEulerAnglesHint.x
      value: 0
      objectReference: {fileID: 0}
    - target: {fileID: 2917320378386886537, guid: 9b04e803072cc3c44a7c57fc012e687d, type: 3}
      propertyPath: m_LocalEulerAnglesHint.y
      value: 90
      objectReference: {fileID: 0}
    - target: {fileID: 2917320378386886537, guid: 9b04e803072cc3c44a7c57fc012e687d, type: 3}
      propertyPath: m_LocalEulerAnglesHint.z
      value: 0
      objectReference: {fileID: 0}
    m_RemovedComponents: []
  m_SourcePrefab: {fileID: 100100000, guid: 9b04e803072cc3c44a7c57fc012e687d, type: 3}
--- !u!4 &5767842268117369099 stripped
Transform:
  m_CorrespondingSourceObject: {fileID: 2917320378386886537, guid: 9b04e803072cc3c44a7c57fc012e687d, type: 3}
  m_PrefabInstance: {fileID: 8680436041386864258}
  m_PrefabAsset: {fileID: 0}
--- !u!1001 &8680436041573554176
PrefabInstance:
  m_ObjectHideFlags: 0
  serializedVersion: 2
  m_Modification:
    m_TransformParent: {fileID: 8680436042328844401}
    m_Modifications:
    - target: {fileID: 2537698958553281843, guid: 9b04e803072cc3c44a7c57fc012e687d, type: 3}
      propertyPath: m_Name
      value: kloda1 (3)
      objectReference: {fileID: 0}
    - target: {fileID: 2917320378386886537, guid: 9b04e803072cc3c44a7c57fc012e687d, type: 3}
      propertyPath: m_RootOrder
      value: 3
      objectReference: {fileID: 0}
    - target: {fileID: 2917320378386886537, guid: 9b04e803072cc3c44a7c57fc012e687d, type: 3}
      propertyPath: m_LocalPosition.x
      value: 25.564072
      objectReference: {fileID: 0}
    - target: {fileID: 2917320378386886537, guid: 9b04e803072cc3c44a7c57fc012e687d, type: 3}
      propertyPath: m_LocalPosition.y
      value: -4.113
      objectReference: {fileID: 0}
    - target: {fileID: 2917320378386886537, guid: 9b04e803072cc3c44a7c57fc012e687d, type: 3}
      propertyPath: m_LocalPosition.z
      value: 6.672
      objectReference: {fileID: 0}
    - target: {fileID: 2917320378386886537, guid: 9b04e803072cc3c44a7c57fc012e687d, type: 3}
      propertyPath: m_LocalRotation.w
      value: 0.7071068
      objectReference: {fileID: 0}
    - target: {fileID: 2917320378386886537, guid: 9b04e803072cc3c44a7c57fc012e687d, type: 3}
      propertyPath: m_LocalRotation.x
      value: -0
      objectReference: {fileID: 0}
    - target: {fileID: 2917320378386886537, guid: 9b04e803072cc3c44a7c57fc012e687d, type: 3}
      propertyPath: m_LocalRotation.y
      value: 0.7071068
      objectReference: {fileID: 0}
    - target: {fileID: 2917320378386886537, guid: 9b04e803072cc3c44a7c57fc012e687d, type: 3}
      propertyPath: m_LocalRotation.z
      value: -0
      objectReference: {fileID: 0}
    - target: {fileID: 2917320378386886537, guid: 9b04e803072cc3c44a7c57fc012e687d, type: 3}
      propertyPath: m_LocalEulerAnglesHint.x
      value: 0
      objectReference: {fileID: 0}
    - target: {fileID: 2917320378386886537, guid: 9b04e803072cc3c44a7c57fc012e687d, type: 3}
      propertyPath: m_LocalEulerAnglesHint.y
      value: 90
      objectReference: {fileID: 0}
    - target: {fileID: 2917320378386886537, guid: 9b04e803072cc3c44a7c57fc012e687d, type: 3}
      propertyPath: m_LocalEulerAnglesHint.z
      value: 0
      objectReference: {fileID: 0}
    m_RemovedComponents: []
  m_SourcePrefab: {fileID: 100100000, guid: 9b04e803072cc3c44a7c57fc012e687d, type: 3}
--- !u!4 &5767842267733653385 stripped
Transform:
  m_CorrespondingSourceObject: {fileID: 2917320378386886537, guid: 9b04e803072cc3c44a7c57fc012e687d, type: 3}
  m_PrefabInstance: {fileID: 8680436041573554176}
  m_PrefabAsset: {fileID: 0}
--- !u!1001 &8680436041796792763
PrefabInstance:
  m_ObjectHideFlags: 0
  serializedVersion: 2
  m_Modification:
    m_TransformParent: {fileID: 8680436042274458945}
    m_Modifications:
    - target: {fileID: 2537698958553281843, guid: 9b04e803072cc3c44a7c57fc012e687d, type: 3}
      propertyPath: m_Name
      value: kloda1 (1)
      objectReference: {fileID: 0}
    - target: {fileID: 2917320378386886537, guid: 9b04e803072cc3c44a7c57fc012e687d, type: 3}
      propertyPath: m_RootOrder
      value: 1
      objectReference: {fileID: 0}
    - target: {fileID: 2917320378386886537, guid: 9b04e803072cc3c44a7c57fc012e687d, type: 3}
      propertyPath: m_LocalPosition.x
      value: 25.564072
      objectReference: {fileID: 0}
    - target: {fileID: 2917320378386886537, guid: 9b04e803072cc3c44a7c57fc012e687d, type: 3}
      propertyPath: m_LocalPosition.y
      value: -4.132
      objectReference: {fileID: 0}
    - target: {fileID: 2917320378386886537, guid: 9b04e803072cc3c44a7c57fc012e687d, type: 3}
      propertyPath: m_LocalPosition.z
      value: 8.193
      objectReference: {fileID: 0}
    - target: {fileID: 2917320378386886537, guid: 9b04e803072cc3c44a7c57fc012e687d, type: 3}
      propertyPath: m_LocalRotation.w
      value: 0.7071068
      objectReference: {fileID: 0}
    - target: {fileID: 2917320378386886537, guid: 9b04e803072cc3c44a7c57fc012e687d, type: 3}
      propertyPath: m_LocalRotation.x
      value: -0
      objectReference: {fileID: 0}
    - target: {fileID: 2917320378386886537, guid: 9b04e803072cc3c44a7c57fc012e687d, type: 3}
      propertyPath: m_LocalRotation.y
      value: 0.7071068
      objectReference: {fileID: 0}
    - target: {fileID: 2917320378386886537, guid: 9b04e803072cc3c44a7c57fc012e687d, type: 3}
      propertyPath: m_LocalRotation.z
      value: -0
      objectReference: {fileID: 0}
    - target: {fileID: 2917320378386886537, guid: 9b04e803072cc3c44a7c57fc012e687d, type: 3}
      propertyPath: m_LocalEulerAnglesHint.x
      value: 0
      objectReference: {fileID: 0}
    - target: {fileID: 2917320378386886537, guid: 9b04e803072cc3c44a7c57fc012e687d, type: 3}
      propertyPath: m_LocalEulerAnglesHint.y
      value: 90
      objectReference: {fileID: 0}
    - target: {fileID: 2917320378386886537, guid: 9b04e803072cc3c44a7c57fc012e687d, type: 3}
      propertyPath: m_LocalEulerAnglesHint.z
      value: 0
      objectReference: {fileID: 0}
    m_RemovedComponents: []
  m_SourcePrefab: {fileID: 100100000, guid: 9b04e803072cc3c44a7c57fc012e687d, type: 3}
--- !u!4 &5767842267973393970 stripped
Transform:
  m_CorrespondingSourceObject: {fileID: 2917320378386886537, guid: 9b04e803072cc3c44a7c57fc012e687d, type: 3}
  m_PrefabInstance: {fileID: 8680436041796792763}
  m_PrefabAsset: {fileID: 0}
--- !u!1001 &8680436041883833519
PrefabInstance:
  m_ObjectHideFlags: 0
  serializedVersion: 2
  m_Modification:
    m_TransformParent: {fileID: 8680436042328844401}
    m_Modifications:
    - target: {fileID: 2537698958553281843, guid: 9b04e803072cc3c44a7c57fc012e687d, type: 3}
      propertyPath: m_Name
      value: kloda1 (1)
      objectReference: {fileID: 0}
    - target: {fileID: 2917320378386886537, guid: 9b04e803072cc3c44a7c57fc012e687d, type: 3}
      propertyPath: m_RootOrder
      value: 1
      objectReference: {fileID: 0}
    - target: {fileID: 2917320378386886537, guid: 9b04e803072cc3c44a7c57fc012e687d, type: 3}
      propertyPath: m_LocalPosition.x
      value: 25.564072
      objectReference: {fileID: 0}
    - target: {fileID: 2917320378386886537, guid: 9b04e803072cc3c44a7c57fc012e687d, type: 3}
      propertyPath: m_LocalPosition.y
      value: -4.132
      objectReference: {fileID: 0}
    - target: {fileID: 2917320378386886537, guid: 9b04e803072cc3c44a7c57fc012e687d, type: 3}
      propertyPath: m_LocalPosition.z
      value: 8.193
      objectReference: {fileID: 0}
    - target: {fileID: 2917320378386886537, guid: 9b04e803072cc3c44a7c57fc012e687d, type: 3}
      propertyPath: m_LocalRotation.w
      value: 0.7071068
      objectReference: {fileID: 0}
    - target: {fileID: 2917320378386886537, guid: 9b04e803072cc3c44a7c57fc012e687d, type: 3}
      propertyPath: m_LocalRotation.x
      value: -0
      objectReference: {fileID: 0}
    - target: {fileID: 2917320378386886537, guid: 9b04e803072cc3c44a7c57fc012e687d, type: 3}
      propertyPath: m_LocalRotation.y
      value: 0.7071068
      objectReference: {fileID: 0}
    - target: {fileID: 2917320378386886537, guid: 9b04e803072cc3c44a7c57fc012e687d, type: 3}
      propertyPath: m_LocalRotation.z
      value: -0
      objectReference: {fileID: 0}
    - target: {fileID: 2917320378386886537, guid: 9b04e803072cc3c44a7c57fc012e687d, type: 3}
      propertyPath: m_LocalEulerAnglesHint.x
      value: 0
      objectReference: {fileID: 0}
    - target: {fileID: 2917320378386886537, guid: 9b04e803072cc3c44a7c57fc012e687d, type: 3}
      propertyPath: m_LocalEulerAnglesHint.y
      value: 90
      objectReference: {fileID: 0}
    - target: {fileID: 2917320378386886537, guid: 9b04e803072cc3c44a7c57fc012e687d, type: 3}
      propertyPath: m_LocalEulerAnglesHint.z
      value: 0
      objectReference: {fileID: 0}
    m_RemovedComponents: []
  m_SourcePrefab: {fileID: 100100000, guid: 9b04e803072cc3c44a7c57fc012e687d, type: 3}
--- !u!4 &5767842267490024230 stripped
Transform:
  m_CorrespondingSourceObject: {fileID: 2917320378386886537, guid: 9b04e803072cc3c44a7c57fc012e687d, type: 3}
  m_PrefabInstance: {fileID: 8680436041883833519}
  m_PrefabAsset: {fileID: 0}
--- !u!1001 &8680436042046113943
PrefabInstance:
  m_ObjectHideFlags: 0
  serializedVersion: 2
  m_Modification:
    m_TransformParent: {fileID: 8680436042462735485}
    m_Modifications:
    - target: {fileID: 2537698958553281843, guid: 9b04e803072cc3c44a7c57fc012e687d, type: 3}
      propertyPath: m_Name
      value: kloda1 (5)
      objectReference: {fileID: 0}
    - target: {fileID: 2917320378386886537, guid: 9b04e803072cc3c44a7c57fc012e687d, type: 3}
      propertyPath: m_RootOrder
      value: 5
      objectReference: {fileID: 0}
    - target: {fileID: 2917320378386886537, guid: 9b04e803072cc3c44a7c57fc012e687d, type: 3}
      propertyPath: m_LocalPosition.x
      value: 25.564072
      objectReference: {fileID: 0}
    - target: {fileID: 2917320378386886537, guid: 9b04e803072cc3c44a7c57fc012e687d, type: 3}
      propertyPath: m_LocalPosition.y
      value: -4.770631
      objectReference: {fileID: 0}
    - target: {fileID: 2917320378386886537, guid: 9b04e803072cc3c44a7c57fc012e687d, type: 3}
      propertyPath: m_LocalPosition.z
      value: 6.99
      objectReference: {fileID: 0}
    - target: {fileID: 2917320378386886537, guid: 9b04e803072cc3c44a7c57fc012e687d, type: 3}
      propertyPath: m_LocalRotation.w
      value: 0.7071068
      objectReference: {fileID: 0}
    - target: {fileID: 2917320378386886537, guid: 9b04e803072cc3c44a7c57fc012e687d, type: 3}
      propertyPath: m_LocalRotation.x
      value: -0
      objectReference: {fileID: 0}
    - target: {fileID: 2917320378386886537, guid: 9b04e803072cc3c44a7c57fc012e687d, type: 3}
      propertyPath: m_LocalRotation.y
      value: 0.7071068
      objectReference: {fileID: 0}
    - target: {fileID: 2917320378386886537, guid: 9b04e803072cc3c44a7c57fc012e687d, type: 3}
      propertyPath: m_LocalRotation.z
      value: -0
      objectReference: {fileID: 0}
    - target: {fileID: 2917320378386886537, guid: 9b04e803072cc3c44a7c57fc012e687d, type: 3}
      propertyPath: m_LocalEulerAnglesHint.x
      value: 0
      objectReference: {fileID: 0}
    - target: {fileID: 2917320378386886537, guid: 9b04e803072cc3c44a7c57fc012e687d, type: 3}
      propertyPath: m_LocalEulerAnglesHint.y
      value: 90
      objectReference: {fileID: 0}
    - target: {fileID: 2917320378386886537, guid: 9b04e803072cc3c44a7c57fc012e687d, type: 3}
      propertyPath: m_LocalEulerAnglesHint.z
      value: 0
      objectReference: {fileID: 0}
    m_RemovedComponents: []
  m_SourcePrefab: {fileID: 100100000, guid: 9b04e803072cc3c44a7c57fc012e687d, type: 3}
--- !u!4 &5767842267660953374 stripped
Transform:
  m_CorrespondingSourceObject: {fileID: 2917320378386886537, guid: 9b04e803072cc3c44a7c57fc012e687d, type: 3}
  m_PrefabInstance: {fileID: 8680436042046113943}
  m_PrefabAsset: {fileID: 0}
--- !u!1001 &8680436042247192022
PrefabInstance:
  m_ObjectHideFlags: 0
  serializedVersion: 2
  m_Modification:
    m_TransformParent: {fileID: 8680436042274458945}
    m_Modifications:
    - target: {fileID: 2537698958553281843, guid: 9b04e803072cc3c44a7c57fc012e687d, type: 3}
      propertyPath: m_Name
      value: kloda1 (3)
      objectReference: {fileID: 0}
    - target: {fileID: 2917320378386886537, guid: 9b04e803072cc3c44a7c57fc012e687d, type: 3}
      propertyPath: m_RootOrder
      value: 3
      objectReference: {fileID: 0}
    - target: {fileID: 2917320378386886537, guid: 9b04e803072cc3c44a7c57fc012e687d, type: 3}
      propertyPath: m_LocalPosition.x
      value: 25.564072
      objectReference: {fileID: 0}
    - target: {fileID: 2917320378386886537, guid: 9b04e803072cc3c44a7c57fc012e687d, type: 3}
      propertyPath: m_LocalPosition.y
      value: -4.113
      objectReference: {fileID: 0}
    - target: {fileID: 2917320378386886537, guid: 9b04e803072cc3c44a7c57fc012e687d, type: 3}
      propertyPath: m_LocalPosition.z
      value: 6.672
      objectReference: {fileID: 0}
    - target: {fileID: 2917320378386886537, guid: 9b04e803072cc3c44a7c57fc012e687d, type: 3}
      propertyPath: m_LocalRotation.w
      value: 0.7071068
      objectReference: {fileID: 0}
    - target: {fileID: 2917320378386886537, guid: 9b04e803072cc3c44a7c57fc012e687d, type: 3}
      propertyPath: m_LocalRotation.x
      value: -0
      objectReference: {fileID: 0}
    - target: {fileID: 2917320378386886537, guid: 9b04e803072cc3c44a7c57fc012e687d, type: 3}
      propertyPath: m_LocalRotation.y
      value: 0.7071068
      objectReference: {fileID: 0}
    - target: {fileID: 2917320378386886537, guid: 9b04e803072cc3c44a7c57fc012e687d, type: 3}
      propertyPath: m_LocalRotation.z
      value: -0
      objectReference: {fileID: 0}
    - target: {fileID: 2917320378386886537, guid: 9b04e803072cc3c44a7c57fc012e687d, type: 3}
      propertyPath: m_LocalEulerAnglesHint.x
      value: 0
      objectReference: {fileID: 0}
    - target: {fileID: 2917320378386886537, guid: 9b04e803072cc3c44a7c57fc012e687d, type: 3}
      propertyPath: m_LocalEulerAnglesHint.y
      value: 90
      objectReference: {fileID: 0}
    - target: {fileID: 2917320378386886537, guid: 9b04e803072cc3c44a7c57fc012e687d, type: 3}
      propertyPath: m_LocalEulerAnglesHint.z
      value: 0
      objectReference: {fileID: 0}
    m_RemovedComponents: []
  m_SourcePrefab: {fileID: 100100000, guid: 9b04e803072cc3c44a7c57fc012e687d, type: 3}
--- !u!4 &5767842267325141599 stripped
Transform:
  m_CorrespondingSourceObject: {fileID: 2917320378386886537, guid: 9b04e803072cc3c44a7c57fc012e687d, type: 3}
  m_PrefabInstance: {fileID: 8680436042247192022}
  m_PrefabAsset: {fileID: 0}
--- !u!1001 &8680436042290440827
PrefabInstance:
  m_ObjectHideFlags: 0
  serializedVersion: 2
  m_Modification:
    m_TransformParent: {fileID: 8680436042328844401}
    m_Modifications:
    - target: {fileID: 2537698958553281843, guid: 9b04e803072cc3c44a7c57fc012e687d, type: 3}
      propertyPath: m_Name
      value: kloda1 (4)
      objectReference: {fileID: 0}
    - target: {fileID: 2917320378386886537, guid: 9b04e803072cc3c44a7c57fc012e687d, type: 3}
      propertyPath: m_RootOrder
      value: 4
      objectReference: {fileID: 0}
    - target: {fileID: 2917320378386886537, guid: 9b04e803072cc3c44a7c57fc012e687d, type: 3}
      propertyPath: m_LocalPosition.x
      value: 25.564072
      objectReference: {fileID: 0}
    - target: {fileID: 2917320378386886537, guid: 9b04e803072cc3c44a7c57fc012e687d, type: 3}
      propertyPath: m_LocalPosition.y
      value: -4.770631
      objectReference: {fileID: 0}
    - target: {fileID: 2917320378386886537, guid: 9b04e803072cc3c44a7c57fc012e687d, type: 3}
      propertyPath: m_LocalPosition.z
      value: 7.76
      objectReference: {fileID: 0}
    - target: {fileID: 2917320378386886537, guid: 9b04e803072cc3c44a7c57fc012e687d, type: 3}
      propertyPath: m_LocalRotation.w
      value: 0.7071068
      objectReference: {fileID: 0}
    - target: {fileID: 2917320378386886537, guid: 9b04e803072cc3c44a7c57fc012e687d, type: 3}
      propertyPath: m_LocalRotation.x
      value: -0
      objectReference: {fileID: 0}
    - target: {fileID: 2917320378386886537, guid: 9b04e803072cc3c44a7c57fc012e687d, type: 3}
      propertyPath: m_LocalRotation.y
      value: 0.7071068
      objectReference: {fileID: 0}
    - target: {fileID: 2917320378386886537, guid: 9b04e803072cc3c44a7c57fc012e687d, type: 3}
      propertyPath: m_LocalRotation.z
      value: -0
      objectReference: {fileID: 0}
    - target: {fileID: 2917320378386886537, guid: 9b04e803072cc3c44a7c57fc012e687d, type: 3}
      propertyPath: m_LocalEulerAnglesHint.x
      value: 0
      objectReference: {fileID: 0}
    - target: {fileID: 2917320378386886537, guid: 9b04e803072cc3c44a7c57fc012e687d, type: 3}
      propertyPath: m_LocalEulerAnglesHint.y
      value: 90
      objectReference: {fileID: 0}
    - target: {fileID: 2917320378386886537, guid: 9b04e803072cc3c44a7c57fc012e687d, type: 3}
      propertyPath: m_LocalEulerAnglesHint.z
      value: 0
      objectReference: {fileID: 0}
    m_RemovedComponents: []
  m_SourcePrefab: {fileID: 100100000, guid: 9b04e803072cc3c44a7c57fc012e687d, type: 3}
--- !u!4 &5767842267418723826 stripped
Transform:
  m_CorrespondingSourceObject: {fileID: 2917320378386886537, guid: 9b04e803072cc3c44a7c57fc012e687d, type: 3}
  m_PrefabInstance: {fileID: 8680436042290440827}
  m_PrefabAsset: {fileID: 0}
--- !u!1001 &8680436042313944171
PrefabInstance:
  m_ObjectHideFlags: 0
  serializedVersion: 2
  m_Modification:
    m_TransformParent: {fileID: 8680436042274458945}
    m_Modifications:
    - target: {fileID: 2537698958553281843, guid: 9b04e803072cc3c44a7c57fc012e687d, type: 3}
      propertyPath: m_Name
      value: kloda1 (5)
      objectReference: {fileID: 0}
    - target: {fileID: 2917320378386886537, guid: 9b04e803072cc3c44a7c57fc012e687d, type: 3}
      propertyPath: m_RootOrder
      value: 5
      objectReference: {fileID: 0}
    - target: {fileID: 2917320378386886537, guid: 9b04e803072cc3c44a7c57fc012e687d, type: 3}
      propertyPath: m_LocalPosition.x
      value: 25.564072
      objectReference: {fileID: 0}
    - target: {fileID: 2917320378386886537, guid: 9b04e803072cc3c44a7c57fc012e687d, type: 3}
      propertyPath: m_LocalPosition.y
      value: -4.770631
      objectReference: {fileID: 0}
    - target: {fileID: 2917320378386886537, guid: 9b04e803072cc3c44a7c57fc012e687d, type: 3}
      propertyPath: m_LocalPosition.z
      value: 6.99
      objectReference: {fileID: 0}
    - target: {fileID: 2917320378386886537, guid: 9b04e803072cc3c44a7c57fc012e687d, type: 3}
      propertyPath: m_LocalRotation.w
      value: 0.7071068
      objectReference: {fileID: 0}
    - target: {fileID: 2917320378386886537, guid: 9b04e803072cc3c44a7c57fc012e687d, type: 3}
      propertyPath: m_LocalRotation.x
      value: -0
      objectReference: {fileID: 0}
    - target: {fileID: 2917320378386886537, guid: 9b04e803072cc3c44a7c57fc012e687d, type: 3}
      propertyPath: m_LocalRotation.y
      value: 0.7071068
      objectReference: {fileID: 0}
    - target: {fileID: 2917320378386886537, guid: 9b04e803072cc3c44a7c57fc012e687d, type: 3}
      propertyPath: m_LocalRotation.z
      value: -0
      objectReference: {fileID: 0}
    - target: {fileID: 2917320378386886537, guid: 9b04e803072cc3c44a7c57fc012e687d, type: 3}
      propertyPath: m_LocalEulerAnglesHint.x
      value: 0
      objectReference: {fileID: 0}
    - target: {fileID: 2917320378386886537, guid: 9b04e803072cc3c44a7c57fc012e687d, type: 3}
      propertyPath: m_LocalEulerAnglesHint.y
      value: 90
      objectReference: {fileID: 0}
    - target: {fileID: 2917320378386886537, guid: 9b04e803072cc3c44a7c57fc012e687d, type: 3}
      propertyPath: m_LocalEulerAnglesHint.z
      value: 0
      objectReference: {fileID: 0}
    m_RemovedComponents: []
  m_SourcePrefab: {fileID: 100100000, guid: 9b04e803072cc3c44a7c57fc012e687d, type: 3}
--- !u!4 &5767842267391648738 stripped
Transform:
  m_CorrespondingSourceObject: {fileID: 2917320378386886537, guid: 9b04e803072cc3c44a7c57fc012e687d, type: 3}
  m_PrefabInstance: {fileID: 8680436042313944171}
  m_PrefabAsset: {fileID: 0}
--- !u!1001 &8680436042335826148
PrefabInstance:
  m_ObjectHideFlags: 0
  serializedVersion: 2
  m_Modification:
    m_TransformParent: {fileID: 8680436042462735485}
    m_Modifications:
    - target: {fileID: 2537698958553281843, guid: 9b04e803072cc3c44a7c57fc012e687d, type: 3}
      propertyPath: m_Name
      value: kloda1
      objectReference: {fileID: 0}
    - target: {fileID: 2917320378386886537, guid: 9b04e803072cc3c44a7c57fc012e687d, type: 3}
      propertyPath: m_RootOrder
      value: 0
      objectReference: {fileID: 0}
    - target: {fileID: 2917320378386886537, guid: 9b04e803072cc3c44a7c57fc012e687d, type: 3}
      propertyPath: m_LocalPosition.x
      value: 25.564072
      objectReference: {fileID: 0}
    - target: {fileID: 2917320378386886537, guid: 9b04e803072cc3c44a7c57fc012e687d, type: 3}
      propertyPath: m_LocalPosition.y
      value: -4.770631
      objectReference: {fileID: 0}
    - target: {fileID: 2917320378386886537, guid: 9b04e803072cc3c44a7c57fc012e687d, type: 3}
      propertyPath: m_LocalPosition.z
      value: 6.2474213
      objectReference: {fileID: 0}
    - target: {fileID: 2917320378386886537, guid: 9b04e803072cc3c44a7c57fc012e687d, type: 3}
      propertyPath: m_LocalRotation.w
      value: 0.7071068
      objectReference: {fileID: 0}
    - target: {fileID: 2917320378386886537, guid: 9b04e803072cc3c44a7c57fc012e687d, type: 3}
      propertyPath: m_LocalRotation.x
      value: -0
      objectReference: {fileID: 0}
    - target: {fileID: 2917320378386886537, guid: 9b04e803072cc3c44a7c57fc012e687d, type: 3}
      propertyPath: m_LocalRotation.y
      value: 0.7071068
      objectReference: {fileID: 0}
    - target: {fileID: 2917320378386886537, guid: 9b04e803072cc3c44a7c57fc012e687d, type: 3}
      propertyPath: m_LocalRotation.z
      value: -0
      objectReference: {fileID: 0}
    - target: {fileID: 2917320378386886537, guid: 9b04e803072cc3c44a7c57fc012e687d, type: 3}
      propertyPath: m_LocalEulerAnglesHint.x
      value: 0
      objectReference: {fileID: 0}
    - target: {fileID: 2917320378386886537, guid: 9b04e803072cc3c44a7c57fc012e687d, type: 3}
      propertyPath: m_LocalEulerAnglesHint.y
      value: 90
      objectReference: {fileID: 0}
    - target: {fileID: 2917320378386886537, guid: 9b04e803072cc3c44a7c57fc012e687d, type: 3}
      propertyPath: m_LocalEulerAnglesHint.z
      value: 0
      objectReference: {fileID: 0}
    m_RemovedComponents: []
  m_SourcePrefab: {fileID: 100100000, guid: 9b04e803072cc3c44a7c57fc012e687d, type: 3}
--- !u!4 &5767842267438948205 stripped
Transform:
  m_CorrespondingSourceObject: {fileID: 2917320378386886537, guid: 9b04e803072cc3c44a7c57fc012e687d, type: 3}
  m_PrefabInstance: {fileID: 8680436042335826148}
  m_PrefabAsset: {fileID: 0}
--- !u!1001 &8680436042557497844
PrefabInstance:
  m_ObjectHideFlags: 0
  serializedVersion: 2
  m_Modification:
    m_TransformParent: {fileID: 8680436042462735485}
    m_Modifications:
    - target: {fileID: 2537698958553281843, guid: 9b04e803072cc3c44a7c57fc012e687d, type: 3}
      propertyPath: m_Name
      value: kloda1 (3)
      objectReference: {fileID: 0}
    - target: {fileID: 2917320378386886537, guid: 9b04e803072cc3c44a7c57fc012e687d, type: 3}
      propertyPath: m_RootOrder
      value: 3
      objectReference: {fileID: 0}
    - target: {fileID: 2917320378386886537, guid: 9b04e803072cc3c44a7c57fc012e687d, type: 3}
      propertyPath: m_LocalPosition.x
      value: 25.564072
      objectReference: {fileID: 0}
    - target: {fileID: 2917320378386886537, guid: 9b04e803072cc3c44a7c57fc012e687d, type: 3}
      propertyPath: m_LocalPosition.y
      value: -4.113
      objectReference: {fileID: 0}
    - target: {fileID: 2917320378386886537, guid: 9b04e803072cc3c44a7c57fc012e687d, type: 3}
      propertyPath: m_LocalPosition.z
      value: 6.672
      objectReference: {fileID: 0}
    - target: {fileID: 2917320378386886537, guid: 9b04e803072cc3c44a7c57fc012e687d, type: 3}
      propertyPath: m_LocalRotation.w
      value: 0.7071068
      objectReference: {fileID: 0}
    - target: {fileID: 2917320378386886537, guid: 9b04e803072cc3c44a7c57fc012e687d, type: 3}
      propertyPath: m_LocalRotation.x
      value: -0
      objectReference: {fileID: 0}
    - target: {fileID: 2917320378386886537, guid: 9b04e803072cc3c44a7c57fc012e687d, type: 3}
      propertyPath: m_LocalRotation.y
      value: 0.7071068
      objectReference: {fileID: 0}
    - target: {fileID: 2917320378386886537, guid: 9b04e803072cc3c44a7c57fc012e687d, type: 3}
      propertyPath: m_LocalRotation.z
      value: -0
      objectReference: {fileID: 0}
    - target: {fileID: 2917320378386886537, guid: 9b04e803072cc3c44a7c57fc012e687d, type: 3}
      propertyPath: m_LocalEulerAnglesHint.x
      value: 0
      objectReference: {fileID: 0}
    - target: {fileID: 2917320378386886537, guid: 9b04e803072cc3c44a7c57fc012e687d, type: 3}
      propertyPath: m_LocalEulerAnglesHint.y
      value: 90
      objectReference: {fileID: 0}
    - target: {fileID: 2917320378386886537, guid: 9b04e803072cc3c44a7c57fc012e687d, type: 3}
      propertyPath: m_LocalEulerAnglesHint.z
      value: 0
      objectReference: {fileID: 0}
    m_RemovedComponents: []
  m_SourcePrefab: {fileID: 100100000, guid: 9b04e803072cc3c44a7c57fc012e687d, type: 3}
--- !u!4 &5767842267148652157 stripped
Transform:
  m_CorrespondingSourceObject: {fileID: 2917320378386886537, guid: 9b04e803072cc3c44a7c57fc012e687d, type: 3}
  m_PrefabInstance: {fileID: 8680436042557497844}
  m_PrefabAsset: {fileID: 0}
--- !u!1001 &8680436042592622107
PrefabInstance:
  m_ObjectHideFlags: 0
  serializedVersion: 2
  m_Modification:
    m_TransformParent: {fileID: 8680436042462735485}
    m_Modifications:
    - target: {fileID: 2537698958553281843, guid: 9b04e803072cc3c44a7c57fc012e687d, type: 3}
      propertyPath: m_Name
      value: kloda1 (1)
      objectReference: {fileID: 0}
    - target: {fileID: 2917320378386886537, guid: 9b04e803072cc3c44a7c57fc012e687d, type: 3}
      propertyPath: m_RootOrder
      value: 1
      objectReference: {fileID: 0}
    - target: {fileID: 2917320378386886537, guid: 9b04e803072cc3c44a7c57fc012e687d, type: 3}
      propertyPath: m_LocalPosition.x
      value: 25.564072
      objectReference: {fileID: 0}
    - target: {fileID: 2917320378386886537, guid: 9b04e803072cc3c44a7c57fc012e687d, type: 3}
      propertyPath: m_LocalPosition.y
      value: -4.132
      objectReference: {fileID: 0}
    - target: {fileID: 2917320378386886537, guid: 9b04e803072cc3c44a7c57fc012e687d, type: 3}
      propertyPath: m_LocalPosition.z
      value: 8.193
      objectReference: {fileID: 0}
    - target: {fileID: 2917320378386886537, guid: 9b04e803072cc3c44a7c57fc012e687d, type: 3}
      propertyPath: m_LocalRotation.w
      value: 0.7071068
      objectReference: {fileID: 0}
    - target: {fileID: 2917320378386886537, guid: 9b04e803072cc3c44a7c57fc012e687d, type: 3}
      propertyPath: m_LocalRotation.x
      value: -0
      objectReference: {fileID: 0}
    - target: {fileID: 2917320378386886537, guid: 9b04e803072cc3c44a7c57fc012e687d, type: 3}
      propertyPath: m_LocalRotation.y
      value: 0.7071068
      objectReference: {fileID: 0}
    - target: {fileID: 2917320378386886537, guid: 9b04e803072cc3c44a7c57fc012e687d, type: 3}
      propertyPath: m_LocalRotation.z
      value: -0
      objectReference: {fileID: 0}
    - target: {fileID: 2917320378386886537, guid: 9b04e803072cc3c44a7c57fc012e687d, type: 3}
      propertyPath: m_LocalEulerAnglesHint.x
      value: 0
      objectReference: {fileID: 0}
    - target: {fileID: 2917320378386886537, guid: 9b04e803072cc3c44a7c57fc012e687d, type: 3}
      propertyPath: m_LocalEulerAnglesHint.y
      value: 90
      objectReference: {fileID: 0}
    - target: {fileID: 2917320378386886537, guid: 9b04e803072cc3c44a7c57fc012e687d, type: 3}
      propertyPath: m_LocalEulerAnglesHint.z
      value: 0
      objectReference: {fileID: 0}
    m_RemovedComponents: []
  m_SourcePrefab: {fileID: 100100000, guid: 9b04e803072cc3c44a7c57fc012e687d, type: 3}
--- !u!4 &5767842267183790482 stripped
Transform:
  m_CorrespondingSourceObject: {fileID: 2917320378386886537, guid: 9b04e803072cc3c44a7c57fc012e687d, type: 3}
  m_PrefabInstance: {fileID: 8680436042592622107}
  m_PrefabAsset: {fileID: 0}
